@article{abson2014ecosystem,
  author  = {Abson, David J and Von Wehrden, Henrik and Baumgärtner, Stefan and Fischer, Jörn and Hanspach, Jan and Härdtle, Werner and Heinrichs, Harald and Klein, Alexandra M and Lang, Daniel J and Martens, Pim},
  title   = {Ecosystem services as a boundary object for sustainability},
  journal = {Ecological Economics},
  volume  = {103},
  pages   = {29-37},
  year    = {2014}
}

@inproceedings{abraham2013enterprise,
  author    = {Abraham, Ralf},
  title     = {Enterprise Architecture Artifacts As Boundary Objects - A Framework Of Properties},
  booktitle = {ECIS 2013 Completed Research},
  pages     = {1-12},
  year      = {2013}
}

@article{akkerman2011boundary,
  author  = {Akkerman, Sanne F and Bakker, Arthur},
  title   = {Boundary crossing and boundary objects},
  journal = {Review of educational research},
  volume  = {81},
  number  = {2},
  pages   = {132-169},
  year    = {2011}
}

@inproceedings{alter2021new,
  author    = {Alter, Steven},
  title     = {A New Reconceptualization of System Usage Based on a Work System Perspective},
  booktitle = {DIGIT 2021 Proceedings},
  pages     = {1-17},
  year      = {2021}
}

@inproceedings{ayobi2021machine,
  author    = {Ayobi, A. and Stawarz, K. and Katz, D. and Marshall, P. and Yamagata, T. and Santos-Rodr{\'i}guez, R. and Flach, P. and O'Kane, A. A.},
  title     = {Machine Learning Explanations as Boundary Objects: How AI Researchers Explain and Non-Experts Perceive Machine Learning},
  booktitle = {Joint Proceedings of the ACM IUI 2021 Workshops},
  pages     = {1-9},
  year      = {2021}
}

@inproceedings{bakhaev2023cocreating,
  author    = {Bakhaev, Stepan and Naqvi, Bilal and Wolff, Annika and Smolander, Kari},
  title     = {CO-CREATING REQUIREMENTS FOR THE EMERGING ELECTRONIC IDENTITY MANAGEMENT PLATFORM},
  booktitle = {14th Scandinavian Conference on Information Systems},
  pages     = {1-15},
  year      = {2023}
}

@inproceedings{cai2021onboarding,
  title     = {Onboarding materials as cross-functional boundary objects for developing ai assistants},
  author    = {Cai, Carrie J and Winter, Samantha and Steiner, David and Wilcox, Lauren and Terry, Michael},
  booktitle = {Extended Abstracts of the 2021 CHI Conference on Human Factors in Computing Systems},
  pages     = {1-7},
  year      = {2021}
}

@article{carlile2002pragmatic,
  author  = {Carlile, Paul R},
  title   = {A pragmatic view of knowledge and boundaries: Boundary objects in new product development},
  journal = {Organization science},
  volume  = {13},
  number  = {4},
  pages   = {442-455},
  year    = {2002}
}

@inproceedings{chung2023artinter,
  author    = {Chung, John Joon Young and Adar, Eytan},
  title     = {Artinter: AI-powered Boundary Objects for Commissioning Visual Arts},
  booktitle = {Proceedings of the 2023 ACM Designing Interactive Systems Conference},
  pages     = {1997-2018},
  year      = {2023}
}

@article{corsaro2018crossing,
  author  = {Corsaro, Daniela},
  title   = {Crossing the boundary between physical and digital: the role of boundary objects},
  journal = {IMP Journal},
  volume  = {12},
  number  = {2},
  pages   = {216-236},
  year    = {2018}
}

@article{doolin2012sociomateriality,
  author  = {Doolin, Bill and McLeod, Laurie},
  title   = {Sociomateriality and boundary objects in information systems development},
  journal = {European Journal of Information Systems},
  volume  = {21},
  number  = {5},
  pages   = {570-586},
  year    = {2012}
}

@inproceedings{elo2024enabling,
  author  = {Elo, Jenny and Lumivalo, Juuli and Tuunanen, Tuure and Vargo, Stephen},
  title   = {Enabling Value Co-Creation in Partner Collaboration Ecosystems: An Institutional Work Perspective},
  booktitle = {Hawaii International Conference on System Sciences 2024 (HICSS-57)},
  pages     = {308-317},
  year      = {2024}
}

@article{fominykh2016boundary,
  author  = {Fominykh, Mikhail and Prasolova-Førland, Ekaterina and Divitini, Monica and Petersen, Sobah Abbas},
  title   = {Boundary objects in collaborative work and learning},
  journal = {Information Systems Frontiers},
  volume  = {18},
  pages   = {85-102},
  year    = {2016}
}

@inproceedings{folmer2014method,
  author    = {Folmer, Erwin and Heddier, Marcel and Matzner, Martin and Räckers, Michael and Becker, Jörg},
  title     = {A METHOD FOR MANAGING IT-BASED BOUNDARY OBJECTS: DESIGN AND APPLICATION IN THE PUBLIC SECTOR},
  booktitle = {ECIS 2014 Proceedings},
  pages     = {1-14},
  year      = {2014}
}

@article{fremont2019interaction,
  author  = {Fremont, Vincent Hocine Jean and Eklinder-Frick, Jens and Åge, Lars-Johan and Osarenkhoe, Aihie},
  title   = {Interaction through boundary objects: controversy and friction within digitalization},
  journal = {Marketing Intelligence \& Planning},
  volume  = {37},
  number  = {1},
  pages   = {111-124},
  year    = {2019}
}

@inproceedings{gantman2011boundary,
  author    = {Gantman, Sonia},
  title     = {Boundary Objects and Internal Control in Outsourced ISD Projects: Results of a Pilot Study},
  booktitle = {AMCIS 2011 Proceedings - All Submissions},
  pages     = {1-9},
  year      = {2011}
}

@inproceedings{gantman2014communication,
  author    = {Gantman, Sonia and Fedorowicz, Jane},
  title     = {COMMUNICATION TOOLS AND PROJECT SUCCESS IN COMPLEX OUTSOURCED IT PROJECTS},
  booktitle = {ECIS 2014 Proceedings},
  pages     = {1-12},
  year      = {2014}
}

@article{gal2008dynamics,
  author  = {Gal, Uri and Yoo, Youngjin and Boland, Richard J.},
  title   = {The Dynamics of Boundary Objects, Social Infrastructures and Social Identities},
  journal = {All Sprouts Content},
  pages   = {194-206},
  year    = {2008}
}

@inproceedings{gasson2005resolving,
  author    = {Gasson, Susan},
  title     = {Resolving Wicked Problems: Collaborative Information Systems Design in Boundary-Spanning Groups},
  booktitle = {AMCIS 2005 Proceedings},
  pages     = {1-9},
  year      = {2005}
}

@inproceedings{gasson2021managing,
  author    = {Gasson, Susan},
  title     = {Managing Boundary-Spanning Cognition Through Emergent Problem-Framing in Enterprise Systems Design},
  booktitle = {Hawaii International Conference on System Sciences 2021 (HICSS-54)},
  pages     = {5419-5428}, 
  year      = {2021}
}

@inproceedings{ghazawneh2010governing,
  author    = {Ghazawneh, Ahmad and Henfridsson, Ola},
  title     = {GOVERNING THIRD-PARTY DEVELOPMENT THROUGH PLATFORM BOUNDARY RESOURCES},
  booktitle = {ICIS 2010 Proceedings},
  pages     = {1-17},
  year      = {2010}
}

@article{hsiao2012collaborative,
  author  = {Hsiao, Ruey-Lin and Tsai, Dun-Hou and Lee, Ching-Fang},
  title   = {Collaborative Knowing: The Adaptive Nature of Cross-Boundary Spanning},
  journal = {Journal of Management Studies (John Wiley \& Sons, Inc.)},
  volume  = {49},
  number  = {3},
  pages   = {463-491},
  year    = {2012}
}

@article{huvila2017boundary,
  author  = {Huvila, Isto and Anderson, Theresa Dirndorfer and Jansen, Eva Hourihan and McKenzie, Pam and Worrall, Adam},
  title   = {Boundary objects in information science},
  journal = {Journal of the Association for Information Science and Technology},
  volume  = {68},
  number  = {8},
  pages   = {1807-1822},
  year    = {2017}
}

@inproceedings{jentsch2014shared,
  author    = {Jentsch, Christian and Beimborn, Daniel},
  title     = {SHARED UNDERSTANDING AMONG BUSINESS AND IT - A LITERATURE REVIEW AND RESEARCH AGENDA},
  booktitle = {ECIS 2014 Proceedings},
  pages     = {1-15},
  year      = {2014}
}

@inproceedings{johansson2013cocreation,
  author    = {Johansson, Lars O and Lund Snis, Ulrika},
  title     = {Co-Creation in a Boundary Practice: Lessons Learned from an Engaged Scholarship Approach},
  booktitle = {AMCIS 2013 Proceedings},
  pages     = {1-15},
  year      = {2013}
}

@article{koskinen2005metaphoric,
  author  = {Koskinen, Kaj U},
  title   = {Metaphoric boundary objects as co‐ordinating mechanisms in the knowledge sharing of innovation processes},
  journal = {European Journal of Innovation Management},
  volume  = {8},
  number  = {3},
  pages   = {323-335},
  year    = {2005}
}

@article{kot2020concept,
  author  = {Kot, Mateusz Tomasz and Leszczyński, Grzegorz},
  title   = {The concept of intelligent agent in business interactions: is virtual assistant an actor or a boundary object?},
  journal = {Journal of Business \& Industrial Marketing},
  volume  = {35},
  number  = {7},
  pages   = {1155-1164},
  year    = {2020}
}

@article{krafft2020challenges,
  author  = {Krafft, Manfred and Sajtos, Laszlo and Haenlein, Michael},
  title   = {Challenges and Opportunities for Marketing Scholars in Times of the Fourth Industrial Revolution},
  journal = {Journal of Interactive Marketing},
  volume  = {51},
  pages   = {1-8},
  year    = {2020}
}

@article{marheineke2016bridging,
  author  = {Marheineke, Marc and Habicht, Hagen and Möslein, Kathrin M},
  title   = {Bridging knowledge boundaries: the use of boundary objects in virtual innovation communities},
  journal = {R\&D Management},
  volume  = {46},
  number  = {S3},
  pages   = {1084-1094},
  year    = {2016}
}

@article{marheineke2016importance,
  author  = {Marheineke, Marc and Velamuri, Vivek K and Möslein, Kathrin M},
  title   = {On the importance of boundary objects for virtual collaboration: a review of the literature},
  journal = {Technology Analysis \& Strategic Management},
  volume  = {28},
  number  = {9},
  pages   = {1108-1122},
  year    = {2016}
}

@inproceedings{mayer2023managing,
  author    = {Mayer, Anne-Sophie and Van Den Broek, Elmira and Kim, Bomi and Karacic, Tomislav and Sosa Hidalgo, Mario and Huysman, Marleen},
  title     = {Managing Collaborative Development of Artificial Intelligence: Lessons from the Field},
  booktitle = {Hawaii International Conference on System Sciences 2023 (HICSS-56)},
  pages     = {6139-6148},
  year      = {2023}
}

@inproceedings{mccarthy2020building,
  author    = {McCarthy, Stephen and O'Raghallaigh, Paidi and Fitzgerald, Ciara and Adam, Frédéric},
  title     = {Building Bridges, Burning Bridges: The Use of Boundary Objects in Agile Distributed ISD Teams},
  booktitle = {Hawaii International Conference on System Sciences 2020 (HICSS-53)},
  pages     = {512-521},
  year      = {2020}
}

@article{okoli2015guide,
  author  = {Okoli, Chitu},
  title   = {A Guide to Conducting a Standalone Systematic Literature Review},
  journal = {Communications of the Association for Information Systems},
  volume  = {37},
  pages   = {879-910},
  year    = {2015}
}

@inproceedings{pawlowski2000supporting,
  author    = {Pawlowski, Suzanne and Raven, Arjan},
  title     = {Supporting Shared Information Systems: Boundary Objects, Communities, and Brokering},
  booktitle = {ICIS 2000 Proceedings},
  pages     = {329-338},
  year      = {2000}
}

@inproceedings{petrik2020boundary,
  author    = {Petrik, Dimitri and Herzwurm, Georg},
  title     = {Boundary Resources for IIoT Platforms – a Complementor Satisfaction Study},
  booktitle = {ICIS 2020 Proceedings},
  pages     = {1-17},
  year      = {2020}
}

@inproceedings{petrik2021exploring,
  author    = {Petrik, Dimitri and Model, Kleophas and Drebinger, Lion Alexander and Herzwurm, Georg},
  title     = {Exploring the Satisfaction Potential of Technical Boundary Resources in IoT Platforms – The Microsoft Azure Case},
  booktitle = {ICIS 2021 Proceedings},
  pages     = {1-17},
  year      = {2021}
}

@article{prentice2023artificial,
  title   = {Artificial intelligence as a boundary-crossing object for employee engagement and performance},
  author  = {Prentice, Catherine and Wong, IpKin Anthony and Lin, Zhiwei},
  journal = {Journal of Retailing \& Consumer Services},
  volume  = {73},
  pages   = {1-8},
  year    = {2023}
}

@inproceedings{rahlmeier2024bridging,
  author    = {Rahlmeier, Nils and Hopf, Konstantin},
  title     = {Bridging Fields of Practice: How Boundary Objects Enable Collaboration in Data Science Initiatives},
  booktitle = {19. Internationale Tagung Wirtschaftsinformatik (WI 2024)},
  pages     = {1-14},
  year      = {2024}
}

@article{rosenkranz2014boundary,
  author  = {Rosenkranz, Christoph and Vranešić, Helena and Holten, Roland},
  title   = {Boundary Interactions and Motors of Change in Requirements Elicitation: A Dynamic Perspective on Knowledge Sharing},
  journal = {Journal of the Association for Information Systems},
  volume  = {15},
  number  = {6},
  pages   = {306-345},
  year    = {2014}
}

@article{särner2024prospective,
  author  = {Särner, Elinor and Yström, Anna and Lakemond, Nicolette and Holmberg, Gunnar},
  title   = {Prospective Sensemaking in the Front End of Innovation of AI Projects},
  journal = {Research Technology Management},
  volume  = {67},
  number  = {4},
  pages   = {72-83},
  year    = {2024}
}

@article{star1989institutional,
  author  = {Star, Susan Leigh and Griesemer, James R},
  title   = {Institutional ecology,'translations' and boundary objects: Amateurs and professionals in Berkeley's Museum of Vertebrate Zoology, 1907--39},
  journal = {Social studies of science},
  volume  = {19},
  number  = {3},
  pages   = {387-420},
  year    = {1989}
}

@article{steger2018ecosystem,
  author  = {Steger, Cara and Hirsch, Shana and Evers, Cody and Branoff, Benjamin and Petrova, Maria and Nielsen-Pincus, Max and Wardropper, Chloe and Van Riper, Carena},
  title   = {Ecosystem Services as Boundary Objects for Transdisciplinary Collaboration},
  journal = {Ecological Economics},
  volume  = {143},
  pages   = {153-160},
  year    = {2018}
}

@article{strübing1998bridging,
  author  = {Strübing, J.},
  title   = {Bridging the gap: On the collaboration between symbolic interactionism and distributed artificial intelligence in the field of multi-agent systems research},
  journal = {Symbolic Interaction},
  volume  = {21},
  number  = {4},
  pages   = {441-463},
  year    = {1998}
}

@article{veletsianos2024artificial,
  author  = {Veletsianos, George and Houlden, Shandell and Johnson, Nicole},
  title   = {Is Artificial Intelligence in Education an Object or a Subject? Evidence from a Story Completion Exercise on Learner-AI Interactions},
  journal = {TechTrends: Linking Research and Practice to Improve Learning},
  volume  = {68},
  number  = {3},
  pages   = {411-422},
  year    = {2024}
}

@inproceedings{vanlooy2024theoretical,
  author    = {Van Looy, Amy and Rosemann, Michael and Bandara, Wasana},
  title     = {A Theoretical Lens on Maturity Models As Boundary Objects},
  booktitle = {Hawaii International Conference on System Sciences 2024 (HICSS-57)},
  pages     = {6372-6381},
  year      = {2024}
}

@article{wilson2023learning,
  author  = {Wilson, Christopher and Broomfield, Heather},
  title   = {Learning how to do AI: managing organizational boundaries in an intergovernmental learning forum},
  journal = {Public Management Review},
  volume  = {25},
  number  = {10},
  pages   = {1938-1957},
  year    = {2023}
}

@inproceedings{weeger2017artefacts,
  author    = {Andy Weeger},
  title     = {How Do Project-related Artefacts Qualify for Bridging Boundaries in IS Implementation Projects – An Activity Theoretical Perspective},
  booktitle = {Proceedings of the 50th Hawaii International Conference on System Sciences (HICSS-50)},
  pages     = {5113-5122},
  year      = {2017}
}

@inproceedings{werth2024beyond,
  title     = {Beyond the Border -A Taxonomic Analysis of the Adoption of Boundary Objects in Information Systems Research},
  author    = {Werth, Oliver and Koehlke, Julia and Nickerson, Robert},
  booktitle = {Proceedings of the International Conference on Information Systems (ICIS)},
  pages     = {1-9},
  year      = {2024}
}

@article{winter2024creating,
  author  = {Winter, Susan J. and Butler, Brian S.},
  title   = {Creating Bigger Problems: Grand Challenges as Boundary Objects and the Legitimacy of the Information Systems Field},
  journal = {Journal of Information Technology},
  pages     = {99-108},
  year    = {2024}
}

@inproceedings{yang2018investigating,
  author    = {Yang, Qian and Scuito, Alex and Zimmerman, John and Forlizzi, Jodi and Steinfeld, Aaron},
  title     = {Investigating how experienced UX designers effectively work with machine learning},
  booktitle = {Proceedings of the 2018 designing interactive systems conference},
  pages     = {585-596},
  year      = {2018}
}

@inproceedings{zebhauser2023entrepreneurial,
  author    = {Zebhauser, Jonathan and Rothe, Hannes and Sundermeier, Janina and Koranteng, Samuel},
  title     = {Entrepreneurial Framing and Negotiations of Product Boundaries: A Qualitative Study on the Social Construction of Product Innovation in AI Ventures},
  booktitle = {International Conference on Information Systems (ICIS) 2023 Proceedings},
  pages     = {1-17},
  year      = {2023}
}